<record xmlns="http://www.loc.gov/MARC21/slim" xmlns:xsi="http://www.w3.org/2001/XMLSchema-instance" xsi:schemaLocation="http://www.loc.gov/MARC21/slim http://www.loc.gov/standards/marcxml/schema/MARC21slim.xsd"><leader>     nam a22        4500</leader><controlfield tag="001">3073622</controlfield><controlfield tag="003">NNC</controlfield><controlfield tag="006">m        d        </controlfield><controlfield tag="007">cr cn |||m|||a</controlfield><controlfield tag="008">150313s1905    ua a    o     000 0 ara d</controlfield><datafield ind1=" " ind2=" " tag="040"><subfield code="a">NNU</subfield><subfield code="b">eng</subfield><subfield code="e">rda</subfield><subfield code="c">NNU</subfield></datafield><datafield ind1="1" ind2=" " tag="100"><subfield code="a">Wah&#803;di&#772;, Muh&#803;ammad Fari&#772;d.</subfield></datafield><datafield ind1="1" ind2="0" tag="245"><subfield code="a">Kanz al-&#699;ulu&#772;m wa-al-lughah;</subfield><subfield code="b">da&#772;&#700;irat ma&#699;a&#772;rif &#699;a&#772;mmah tah&#803;tawi&#772; &#699;ala&#772; fas&#803;i&#772;h al-lughah al-&#699;arabi&#772;yah wakhula&#772;s&#803;a&#772;t al-&#699;ulu&#772;m al-naqli&#772;yah wa-al-&#699;aqli&#772;yah wa-al-t&#803;abi&#772;&#699;i&#772;yah wa-al-ta&#772;ri&#772;khi&#772;yah wa-al-&#699;umra&#772;ni&#772;yah watara&#772;jim al-masha&#772;hi&#772;r wafi&#772;ha&#772; min al-fawa&#772;&#700;id al-t&#803;ibbi&#772;yah wa-al-&#699;ila&#772;ji&#772;yah wa-al-wasa&#772;&#700;il al-h&#803;ayawi&#772;-yah ma&#772; yah&#803;ta&#772;j al-insa&#772;n ilayhi fi&#772; sa&#772;&#700;ir ahwa&#772;lihi&#772; al-ma&#699;i&#772;shi&#772;yah.</subfield><subfield code="c">Ta&#700;li&#772;f Muh&#803;ammad Fari&#772;d Wah&#803;di&#772;.</subfield></datafield><datafield ind1=" " ind2=" " tag="260"><subfield code="a">Mis&#803;r,</subfield><subfield code="b">Mat&#803;b. al-Wa&#772;&#699;iz,</subfield><subfield code="c">1323 h., 1905 m.</subfield></datafield><datafield ind1=" " ind2=" " tag="300"><subfield code="a">online resource (858, 16 pages) :</subfield><subfield code="b">illustrations</subfield></datafield><datafield ind1=" " ind2=" " tag="336"><subfield code="a">text</subfield><subfield code="2">rdacontent</subfield></datafield><datafield ind1=" " ind2=" " tag="337"><subfield code="a">computer</subfield><subfield code="2">rdamedia</subfield></datafield><datafield ind1=" " ind2=" " tag="338"><subfield code="a">online resource</subfield><subfield code="2">rdacarrier</subfield></datafield><datafield ind1=" " ind2=" " tag="500"><subfield code="a">Part of the Arabic Collections Online (ACO) project, contributed by Columbia University Libraries.</subfield></datafield><datafield ind1=" " ind2=" " tag="533"><subfield code="a">Electronic reproduction.</subfield><subfield code="b">New York, N.Y. :</subfield><subfield code="c">New York University,</subfield><subfield code="d">2015.</subfield><subfield code="5">NNU</subfield></datafield><datafield ind1="2" ind2=" " tag="710"><subfield code="a">Columbia University.</subfield><subfield code="b">Libraries.</subfield></datafield><datafield ind1="0" ind2=" " tag="730"><subfield code="a">Arabic Collections Online.</subfield></datafield><datafield ind1="0" ind2="8" tag="776"><subfield code="i">Print version:</subfield><subfield code="a">Wah&#803;di&#772;, Muh&#803;ammad Fari&#772;d.</subfield><subfield code="t">Kanz al-&#699;ulu&#772;m wa-al-lughah;</subfield><subfield code="w">(NNC)3073622</subfield><subfield code="w">(OCoLC)47847578</subfield></datafield><datafield ind1="4" ind2="0" tag="856"><subfield code="u">http://hdl.handle.net/2333.1/280gb7zg</subfield></datafield><datafield ind1=" " ind2=" " tag="959"><subfield code="a">NNU</subfield><subfield code="b">WEB</subfield><subfield code="c">GENI</subfield><subfield code="t">0</subfield><subfield code="m">Electronic access</subfield><subfield code="s">01</subfield></datafield><datafield ind1=" " ind2=" " tag="999"><subfield code="i">NNC_3073622</subfield><subfield code="o">(OCoLC)ocm47847578 </subfield><subfield code="s">columbia_aco000453</subfield><subfield code="e">(ERROR-880)</subfield></datafield></record>